<collection xmlns='http://www.loc.gov/MARC21/slim' xmlns:xsi='http://www.w3.org/2001/XMLSchema-instance' xsi:schemaLocation='http://www.loc.gov/standards/marcxml/schema/MARC21slim.xsd'>
  <record xmlns="http://www.loc.gov/MARC21/slim">
    <leader>00000ntm a2200000Ia 4500</leader>
    <controlfield tag="001">on1241986711</controlfield>
    <controlfield tag="008">210316s1792    xx            000 0 ota d</controlfield>
    <datafield tag="040" ind1=" " ind2=" ">
      <subfield code="a">ZCU</subfield>
      <subfield code="b">eng</subfield>
      <subfield code="e">amremm</subfield>
      <subfield code="c">ZCU</subfield>
    </datafield>
    <datafield tag="035" ind1=" " ind2=" ">
      <subfield code="a">(NNC)15382139</subfield>
    </datafield>
    <datafield tag="043" ind1=" " ind2=" ">
      <subfield code="a">n-us-ny</subfield>
    </datafield>
    <datafield tag="049" ind1=" " ind2=" ">
      <subfield code="a">ZCUA</subfield>
    </datafield>
    <datafield tag="100" ind1="1" ind2=" ">
      <subfield code="6">880-01</subfield>
      <subfield code="a">İbrahim Efendi,</subfield>
      <subfield code="d">1589-1654.</subfield>
    </datafield>
    <datafield tag="245" ind1="1" ind2="0">
      <subfield code="6">880-02</subfield>
      <subfield code="a">Dîvân-i Kutb al-arifin.</subfield>
    </datafield>
    <datafield tag="246" ind1="3" ind2=" ">
      <subfield code="a">Dīvān-i Quṭb al-ʻārifīn</subfield>
    </datafield>
    <datafield tag="264" ind1=" " ind2="0">
      <subfield code="c">1792.</subfield>
    </datafield>
    <datafield tag="300" ind1=" " ind2=" ">
      <subfield code="a">i, 53, iii foliated leaves :</subfield>
      <subfield code="b">laid paper with watermark ;</subfield>
      <subfield code="c">211 x 155 (161 x 111) mm, bound to 212 x 163 x 18 mm</subfield>
    </datafield>
    <datafield tag="336" ind1=" " ind2=" ">
      <subfield code="a">text</subfield>
      <subfield code="b">txt</subfield>
      <subfield code="2">rdacontent</subfield>
    </datafield>
    <datafield tag="337" ind1=" " ind2=" ">
      <subfield code="a">unmediated</subfield>
      <subfield code="b">n</subfield>
      <subfield code="2">rdamedia</subfield>
    </datafield>
    <datafield tag="338" ind1=" " ind2=" ">
      <subfield code="a">volume</subfield>
      <subfield code="b">nc</subfield>
      <subfield code="2">rdacarrier</subfield>
    </datafield>
    <datafield tag="340" ind1=" " ind2=" ">
      <subfield code="d">manuscript</subfield>
    </datafield>
    <datafield tag="500" ind1=" " ind2=" ">
      <subfield code="a">Manuscript codex.</subfield>
    </datafield>
    <datafield tag="520" ind1=" " ind2=" ">
      <subfield code="a">Book of religious poetry.</subfield>
    </datafield>
    <datafield tag="500" ind1=" " ind2=" ">
      <subfield code="a">Title from caption title (f. 1v).</subfield>
    </datafield>
    <datafield tag="530" ind1=" " ind2=" ">
      <subfield code="a">Also available as a digital facsimile.</subfield>
    </datafield>
    <datafield tag="546" ind1=" " ind2=" ">
      <subfield code="a">Ottoman Turkish.</subfield>
    </datafield>
    <datafield tag="500" ind1=" " ind2=" ">
      <subfield code="a">Layout: Written in 25 lines chiefly in two columns; border- and column-ruled.</subfield>
    </datafield>
    <datafield tag="500" ind1=" " ind2=" ">
      <subfield code="a">Script: Written in nastaʻlīq in black ink; pointed.</subfield>
    </datafield>
    <datafield tag="500" ind1=" " ind2=" ">
      <subfield code="a">Decoration: Simple line-painted sarlawh in red (f. 1v).</subfield>
    </datafield>
    <datafield tag="500" ind1=" " ind2=" ">
      <subfield code="a">Origin: Copy completed by Darvīsh Abū Bakr ibn ʻUthmān on 9 Shaʻbān 1206 (2 April 1792 CE) (f. 53r).</subfield>
    </datafield>
    <datafield tag="500" ind1=" " ind2=" ">
      <subfield code="a">Shelfmark: UTS Ms. Tur. 3.</subfield>
    </datafield>
    <datafield tag="561" ind1="1" ind2=" ">
      <subfield code="a">Formerly owned by Darvīsh Aḥmad Khākiyānī and given as a waqf (pious donation) to the Khanqah Markaz Efendi (notes in ink dated 1234 A.H. (1818 or 1819 CE) (f. 1r); probably the same as the owner of the stamp, Aḥmad Darvīsh (two stamps dated 1216 A.H. (1801 or 1802 CE) (f. 1r).</subfield>
    </datafield>
    <datafield tag="563" ind1=" " ind2=" ">
      <subfield code="a">Brown leather (Type III) with blind stamped central mandorla and two pendants on the vertical axis; blind ruled border; yellow paper doublure.</subfield>
    </datafield>
    <datafield tag="588" ind1="0" ind2=" ">
      <subfield code="a">Item cataloged from digital facsimile and existing description.</subfield>
    </datafield>
    <datafield tag="650" ind1=" " ind2="0">
      <subfield code="a">Sufi poetry</subfield>
      <subfield code="v">Early works to 1800.</subfield>
    </datafield>
    <datafield tag="650" ind1=" " ind2="0">
      <subfield code="a">Manuscripts, Turkish</subfield>
      <subfield code="z">New York (State)</subfield>
      <subfield code="z">New York.</subfield>
    </datafield>
    <datafield tag="655" ind1=" " ind2="7">
      <subfield code="a">Codices (bound manuscripts)</subfield>
      <subfield code="2">aat</subfield>
    </datafield>
    <datafield tag="655" ind1=" " ind2="7">
      <subfield code="a">Manuscripts (documents)</subfield>
      <subfield code="2">aat</subfield>
    </datafield>
    <datafield tag="655" ind1=" " ind2="7">
      <subfield code="a">Blind tooled (decoration)</subfield>
      <subfield code="2">lobt</subfield>
    </datafield>
    <datafield tag="655" ind1=" " ind2="7">
      <subfield code="a">Annotations (Provenance)</subfield>
      <subfield code="2">rbprov</subfield>
    </datafield>
    <datafield tag="655" ind1=" " ind2="7">
      <subfield code="a">Stamps (Provenance)</subfield>
      <subfield code="2">rbprov</subfield>
    </datafield>
    <datafield tag="700" ind1="0" ind2=" ">
      <subfield code="6">880-03</subfield>
      <subfield code="a">Darvīsh Abū Bakr ibn ʻUthmān,</subfield>
      <subfield code="d">active 1792,</subfield>
      <subfield code="e">scribe.</subfield>
    </datafield>
    <datafield tag="700" ind1="1" ind2=" ">
      <subfield code="6">880-04</subfield>
      <subfield code="a">Khākiyānī, Darvīsh Aḥmad,</subfield>
      <subfield code="d">active 1801,</subfield>
      <subfield code="e">former owner.</subfield>
    </datafield>
    <datafield tag="710" ind1="2" ind2=" ">
      <subfield code="a">Muslim World Manuscripts (Columbia University. Rare Book and Manuscript Library)</subfield>
      <subfield code="5">NNC</subfield>
    </datafield>
    <datafield tag="710" ind1="2" ind2=" ">
      <subfield code="a">Turkish Manuscripts Collection (Burke Library at Union Theological Seminary)</subfield>
      <subfield code="5">NNC</subfield>
    </datafield>
    <datafield tag="856" ind1="4" ind2="1">
      <subfield code="z">Digital facsimile in OPenn</subfield>
      <subfield code="u">http://openn.library.upenn.edu/Data/0033/html/uts_ms_003_turkic.html</subfield>
    </datafield>
    <datafield tag="852" ind1=" " ind2=" ">
      <subfield code="a">Columbia University.</subfield>
      <subfield code="b">Rare Book and Manuscript Library</subfield>
      <subfield code="e">New York, NY. 10027</subfield>
      <subfield code="n">nyu</subfield>
      <subfield code="u">https://clio.columbia.edu/catalog/15382139</subfield>
    </datafield>
    <datafield tag="880" ind1="1" ind2=" ">
      <subfield code="6">100-01/(3/r</subfield>
      <subfield code="a">ابراهيم افندى،</subfield>
      <subfield code="d">1589-1654</subfield>
    </datafield>
    <datafield tag="880" ind1="1" ind2="0">
      <subfield code="6">245-02/(3/r</subfield>
      <subfield code="a">ديوان قطب العارفين.</subfield>
    </datafield>
    <datafield tag="880" ind1="0" ind2=" ">
      <subfield code="6">700-03/(3/r</subfield>
      <subfield code="a">درويش ابو بكر بن عثمان،</subfield>
      <subfield code="d">active 1792,</subfield>
      <subfield code="e">scribe.</subfield>
    </datafield>
    <datafield tag="880" ind1="1" ind2=" ">
      <subfield code="6">700-04/(3/r</subfield>
      <subfield code="a">خاكيانى، درويش احمد،</subfield>
      <subfield code="d">active 1801,</subfield>
      <subfield code="e">former owner.</subfield>
    </datafield>
    <datafield tag="066" ind1=" " ind2=" ">
      <subfield code="c">(3</subfield>
    </datafield>
  </record></collection>